% IMPORTANT: for all online references, be sure to specify the full URL *and*
% the access date!

@manual{rust-book,
  author = {Steve Klabnik and Carol Nichols},
  title = {The Rust Programming Language},
  year = {2019},
  month = aug,
  volume = 1,
  note = {\url{https://doc.rust-lang.org/book/},
   accessed 2022-11-19}
}

@manual{nsa-memory-safety,
  author = {NSA Media Relations},
  title = {Software Memory Safety},
  year = {2022},
  month = nov,
  volume = 1,
  note = {\url{https://media.defense.gov/2022/Nov/10/2003112742/-1/-1/0/CSI_SOFTWARE_MEMORY_SAFETY.PDF},
   accessed 2022-11-19}
}

@manual{memory1,
  author={Szekeres, László and Payer, Mathias and Wei, Tao and Song, Dawn},
  booktitle={2013 IEEE Symposium on Security and Privacy},
  title={SoK: Eternal War in Memory},
  year={2013},
  volume={},
  number={},
  pages={48-62},
  doi={10.1109/SP.2013.13}
}
