% IMPORTANT: for all online references, be sure to specify the full URL *and*
% the access date!

@manual{ownership-types-survey,
  author    = {Dave Clarke and
               Johan Östlund and
               Ilya Sergey and
               Tobias Wrigstad},
  title     = {Ownership Types: {A} Survey},
  booktitle = {Aliasing in Object-Oriented Programming},
  series    = {Lecture Notes in Computer Science},
  volume    = {7850},
  pages     = {15--58},
  publisher = {Springer},
  year      = {2013}
}

@manual{ownership-is-theft,
  author    = {Amit A. Levy and
               Michael P. Andersen and
               Bradford Campbell and
               David E. Culler and
               Prabal Dutta and
               Branden Ghena and
               Philip Alexander Levis and
               Pat Pannuto},
  title     = {Ownership is theft: experiences building an embedded {OS} in rust},
  booktitle = {PLOS@SOSP},
  pages     = {21--26},
  publisher = {{ACM}},
  year      = {2015}
}

@manual{understanding-evolving-rust,
  author={Ralf Jung},
  title={Understanding and evolving the Rust programming language},
  year={2020},
  month= aug,
}

@manual{rust-book,
  author = {Steve Klabnik and Carol Nichols},
  title = {The Rust Programming Language},
  year = {2019},
  month = aug,
  volume = 1,
  note = {\url{https://doc.rust-lang.org/book/},
   accessed 2022-11-19}
}

@manual{rust-vector-documentation,
  author = {},
  title = {Rust vector type documentation},
  year = {2023},
  note = {\url{https://doc.rust-lang.org/std/vec/struct.Vec.html},
   accessed 2023-11-15}
}

@manual{rust-pointer-documentation,
  author = {},
  title = {Rust pointer type documentation},
  year = {2023},
  note = {\url{https://doc.rust-lang.org/std/primitive.pointer.html},
   accessed 2023-11-15}
}

@manual{nsa-memory-safety,
  author = {NSA Media Relations},
  title = {Software Memory Safety},
  year = {2022},
  month = nov,
  volume = 1,
  note = {\url{https://media.defense.gov/2022/Nov/10/2003112742/-1/-1/0/CSI_SOFTWARE_MEMORY_SAFETY.PDF},
   accessed 2022-11-19}
}

@manual{google-memory-safety,
  author = {Adrian Taylor and Andrew Whalley and Dana Jansens and Nasko Oskov},
  title = {An update on Memory Safety in Chrome},
  year = {2021},
  month = sep,
  note = {\url{https://security.googleblog.com/2021/09/an-update-on-memory-safety-in-chrome.html},
   accessed 2022-12-04}
}

@manual{microsoft-memory-safety,
  author = {Microsoft Security Response Center},
  title = {Trends, challenges, and strategic shifts in the software vulnerability mitigation landscape},
  year = {2019},
  month = feb,
  note = {\url{https://github.com/microsoft/MSRC-Security-Research/tree/master/presentations/2019_02_BlueHatIL},
   accessed 2022-12-04}
}

@manual{rust-by-example,
  author = {},
  title = {Rust by Example},
  year = {2022},
  month = nov,
  volume = 1,
  note = {\url{https://doc.rust-lang.org/rust-by-example/},
   accessed 2022-11-20}
}

@manual{permission-ownership-types,
  author = {Zhao, Yang and Boyland, John},
  year = {2008},
  month = {07},
  pages = {65 - 72},
  title = {A Fundamental Permission Interpretation for Ownership Types},
  isbn = {978-0-7695-3249-3},
  doi = {10.1109/TASE.2008.45}
}

@manual{flexible-alias-protection,
  author = {Clarke, David G. and Potter, John M. and Noble, James},
  title = {Ownership Types for Flexible Alias Protection},
  year = {1998},
  isbn = {1581130058},
  doi = {10.1145/286936.286947},
  booktitle = {Proceedings of the 13th ACM SIGPLAN Conference on Object-Oriented Programming, Systems, Languages, and Applications},
  pages = {48–64},
}

@manual{,
  author = {lllllllhao, Yang and Boyland, John},
  year = {2008},
  month = {07},
  pages = {65 - 72},
  title = {A Fundamental Permission Interpretation for Ownership Types},
  isbn = {978-0-7695-3249-3},
  doi = {10.1109/TASE.2008.45}
}

@article{lightweight-ownership,
  title={Universes: Lightweight Ownership for JML},
  author={Werner Dietl and Peter Müller},
  journal={J. Object Technology},
  year={2005},
  volume={4},
  pages={5-32}
}

@manual{owners-as-ombudsmen,
  author = {Östlund, Johan and Wrigstad, Tobias},
  year = {2012},
  month = {06},
  pages = {156-180},
  title = {Multiple Aggregate Entry Points for Ownership Types},
  volume = {7313},
  isbn = {978-3-642-31056-0},
  doi = {10.1007/978-3-642-31057-7_8}
}
